%[1] 	N. Mazouchova, P. B. Umbanhowar, and D. I. Goldman, “Flipper-driven terrestrial locomotion of a sea turtle-inspired robot,” Bioinspiration & Biomimetics, vol. 8, no. 2, p. 026007, 2013.
@article{mazouchova2013flipper,
author={Mazouchova, N and Umbanhowar, P B and Goldman, D I},
year={2013},
title={Flipper-driven terrestrial locomotion of a sea turtle-inspired robot},
journal={Bioinspiration and Biomimetics},
volume={8},
issue={2},
pages={026007}}

%[2]	S. C. Licht, “Biomimetic oscillating foil propulsion to enhance underwater vehicle agility and maneuverability,” 2008.
@phdthesis{licht2008biomimetic,
author={Licht, Stephen Carl},
year={2008},
title={Biomimetic oscillation foil propulsion to enhance underwater vehicle agility and maneuverability},
school={Massachusetts Institute of Technology}}

%[3]	 C. Siegenthaler, C. Pradalier, F. Gunther, G. Hitz, and R. Siegwart, “System integration and fin trajectory Design for a robotic sea-turtle,” 2013 IEEE/RSJ International Conference on Intelligent Robots and Systems, 2013. 
@inproceedings{sigenthaler2013system,
author={Siegenthaler, C and Pradalier, C and Gunther, F and Hitz, G and Siegwart, R},
year={2013},
title={System integration and fin trajectory design for a robotic sea-turtle},
booktitle={2013 {IEEE/RSJ} International Conference on Intelligent Robots and Systems}}
